% Copyright (C) 1988, 2010 Oren Patashnik.
% Unlimited copying and redistribution of this file are permitted if it
% is unmodified.  Modifications (and their redistribution) are also
% permitted, as long as the resulting file is renamed.

@preamble{ "\newcommand{\noopsort}[1]{} "
        # "\newcommand{\printfirst}[2]{#1} "
        # "\newcommand{\singleletter}[1]{#1} "
        # "\newcommand{\switchargs}[2]{#2#1} " }
@manual{c1,
  sortname={Han, The Thanh},
  author={B. Power},
  title={Artificial Intelligence Is Almost Ready for Business},
  version={45d (1.40.11)},
  date={2015-05-19},
  url={https://hbr.org/2015/03/artificial-intelligence-is-almost-ready-for-business},
  urldate={2015-05-19},
}
% Manisha Bahl, « High-Risk Breast Lesions: A Machine Learning Model to Predict
% Pathologic Upgrade and Reduce Unnecessary Surgical Excision », Radiology, vol.
% 286, no 3,‎ 27 juin 2017, p. 810–818 


@ARTICLE{c2,
   author = {L[eslie] A. Aamport},
   title = {resident Obama's Precision Medicine Initiative},
   journal = {\mbox{G-Animal's} Journal},
   year = 2010,
}

@ARTICLE{c3,
   author = {L[eslie] A. Aamport},
   title = {The Gnats and Gnus Document Preparation System},
   journal = {\mbox{G-Animal's} Journal},
   year = 1986,
   volume = 41,
   number = 7,
   pages = "73+",
   month = jul,
   note = "This is a full ARTICLE entry",
}

@INBOOK{c4,
   author = "Manisha Bahl",
   title = "High-Risk Breast Lesions: A Machine Learning Model to Predict Pathologic Upgrade and Reduce Unnecessary Surgical Excision",
   volume = 1,
   series = "Radiology",
   publisher = "Addison-Wesley",
   address = "Reading, Massachusetts",
   edition = "Second",
   month = "10~" # jan,
   year = "{\noopsort{1973b}}1973",
   type = "Section",
   chapter = "1.2",
   pages = "10--119",
   note = "This is a full INBOOK entry",
}



DENDRAL: a case study of the first expert system for scientific hypothesis
formation. Artificial intelligence, 61(2), 209-261.

@BOOK{c5,
   author = "Lindsay, R. K., Buchanan, B. G., Feigenbaum, E. A., & Lederberg, J. (1993).",
   title = "Artificial intelligence",
   publisher = "JMIR Mental Health,",
   year = "2015",
}
